Cuenta: 01740131971314445824 Titular: NORTH DELIVERY, C.A                     
Fecha;Referencia;Descripcion;Debito;Credito;Saldo
27/10/2022;'661911;Servicio SMS PLUS;0,05;;83,87
27/10/2022;'380753;Mantenimiento de Cuenta;0,05;;83,92
27/10/2022;'10004792009;Pago a proveedor Banplus;65,44;;83,97
27/10/2022;'10004792009;Comision convenio;0,16;;149,41
27/10/2022;'10004792009;IGTF;1,30;;149,57
27/10/2022;'10004792010;Pago a proveedor Banplus;633,75;;150,87
27/10/2022;'10004792010;IGTF;0,03;;784,62
27/10/2022;'10004792010;IGTF;12,67;;784,65
27/10/2022;'10004792010;Comision convenio;1,58;;797,32
14/10/2022;'10004779483;IGTF;0,04;;798,90
14/10/2022;'10004779483;IGTF;16,42;;798,94
14/10/2022;'10004779483;Comision convenio;2,05;;815,36
14/10/2022;'10004779483;Pago a proveedor otros Bancos;821,00;;817,41
14/10/2022;'10004777496;IGTF;0,03;;1638,41
14/10/2022;'10004777496;IGTF;12,31;;1638,44
14/10/2022;'10004777496;Comision convenio;1,53;;1650,75
14/10/2022;'10004777496;Pago a proveedor Banplus;615,75;;1652,28
14/10/2022;'10004777498;Comision convenio;2,05;;2268,03
14/10/2022;'10004777498;Pago a proveedor Banplus;823,47;;2270,08
14/10/2022;'10004777498;IGTF;0,04;;3093,55
14/10/2022;'10004777498;IGTF;16,46;;3093,59
14/10/2022;'10004777497;IGTF;0,04;;3110,05
14/10/2022;'10004777497;IGTF;16,42;;3110,09
14/10/2022;'10004777497;Comision convenio;2,05;;3126,51
14/10/2022;'10004777497;Pago a proveedor Banplus;821,00;;3128,56
14/10/2022;'10004777495;IGTF;0,09;;3949,56
14/10/2022;'10004777495;IGTF;36,94;;3949,65
14/10/2022;'10004777495;Comision convenio;4,61;;3986,59
14/10/2022;'10004777495;Pago a proveedor Banplus;1847,25;;3991,20
14/10/2022;'10004777494;Pago a proveedor Banplus;821,00;;5838,45
14/10/2022;'10004777494;IGTF;0,04;;6659,45
14/10/2022;'10004777494;IGTF;16,42;;6659,49
14/10/2022;'10004777494;Comision convenio;2,05;;6675,91
14/10/2022;'10004777493;IGTF;0,09;;6677,96
14/10/2022;'10004777493;IGTF;36,94;;6678,05
14/10/2022;'10004777493;Comision convenio;4,61;;6714,99
14/10/2022;'10004777493;Pago a proveedor Banplus;1847,25;;6719,60
14/10/2022;'10004777492;Pago a proveedor Banplus;821,00;;8566,85
14/10/2022;'10004777492;IGTF;0,04;;9387,85
14/10/2022;'10004777492;IGTF;16,42;;9387,89
14/10/2022;'10004777492;Comision convenio;2,05;;9404,31
14/10/2022;'10004777490;IGTF;16,42;;9406,36
14/10/2022;'10004777490;IGTF;0,04;;9422,78
14/10/2022;'10004777490;Pago a proveedor Banplus;821,00;;9422,82
14/10/2022;'10004777490;Comision convenio;2,05;;10243,82
14/10/2022;'10004777491;IGTF;0,40;;10245,87
14/10/2022;'10004777491;Comision convenio;0,05;;10246,27
14/10/2022;'10004777491;Pago a proveedor Banplus;20,44;;10246,32
14/10/2022;'10004777484;Credito por pago a proveedores en Banplu;;1149,40;10266,76
14/10/2022;'1046955576;IGTF;0,21;;9117,36
14/10/2022;'1046955576;ND. Bs. Com. Op. Merc. Cambiario;10,86;;9117,57
14/10/2022;'1046955571;NC. Bs. Op. Merc. Cambiario BOL;;9054,10;9128,43
04/10/2022;'1420230883;Cargo por Deposito Cuenta en Div;44,40;;74,33
04/10/2022;'1420230883;IGTF;0,88;;118,73
04/10/2022;'1420230883;IGTF;1,77;;119,61
04/10/2022;'1420230883;Cargo por el Serv de Cobranza Esp Div;88,88;;121,38
